@incollection{alves1999,
  title =	 {Dynamic denotational semantics of Java},
  author =	 {Alves-Foss, Jim and Lam, Fong Shing},
  booktitle =	 {Formal Syntax and Semantics of Java},
  editor =	 {Alves-Foss, Jim},
  pages =	 {201--240},
  year =	 1999,
  publisher =	 {Springer}
}

@book{alves1999a,
  title =	 {Formal syntax and semantics of Java},
  author =	 {Alves-Foss, James},
  number =	 1523,
  year =	 1999,
  publisher =	 {Springer Science \& Business Media}
}

@incollection{andronick2005,
  title =	 {Formal verification of security properties of smart
                  card embedded source code},
  author =	 {Andronick, June and Chetali, Boutheina and
                  Paulin-Mohring, Christine},
  booktitle =	 {FM 2005: Formal Methods},
  editor =	 {Fitzgerald, John and Hayes, Ian J. and Tarlecki,
                  Andrzej},
  pages =	 {302--317},
  year =	 2005,
  publisher =	 {Springer}
}

@article{armbruster2007,
  author =	 {Armbruster, Austin and Baker, Jason and Cunei,
                  Antonio and Flack, Chapman and Holmes, David and
                  Pizlo, Filip and Pla, Edward and Prochazka, Marek
                  and Vitek, Jan},
  title =	 {A Real-time {Java} Virtual Machine with Applications
                  in Avionics},
  journal =	 {ACM Trans. Embed. Comput. Syst.},
  issue_date =	 {December 2007},
  volume =	 7,
  number =	 1,
  month =	 dec,
  year =	 2007,
  issn =	 {1539-9087},
  pages =	 {5:1--5:49},
  articleno =	 5,
  numpages =	 49,
  url =		 {http://doi.acm.org/10.1145/1324969.1324974},
  doi =		 {10.1145/1324969.1324974},
  acmid =	 1324974,
  publisher =	 {ACM},
  address =	 {New York, NY, USA},
  keywords =	 {Avionics, Real-time Java, memory management, virtual
                  machines},
}

@article{arsac1979,
  author =	 {Arsac, Jacques J.},
  title =	 {Syntactic Source to Source Transforms and Program
                  Manipulation},
  journal =	 {Commun. ACM},
  issue_date =	 {Jan. 1979},
  volume =	 22,
  number =	 1,
  month =	 jan,
  year =	 1979,
  issn =	 {0001-0782},
  pages =	 {43--54},
  numpages =	 12,
  url =		 {http://doi.acm.org/10.1145/359046.359057},
  doi =		 {10.1145/359046.359057},
  acmid =	 359057,
  publisher =	 {ACM},
  address =	 {New York, NY, USA},
  keywords =	 {control structures, program transforms, structured
                  programming},
}

@Online{atego2015,
  author =	 {{Atego}},
  title =	 {{Atego Perc Pico - Products - Atego}},
  year =	 2015,
  url =		 {http://www.atego.com/products/atego-perc-pico/}
}

@inproceedings{attali1998,
  title =	 {A formal executable semantics for Java},
  author =	 {Attali, Isabelle and Caromel, Denis and Russo,
                  Marjorie},
  booktitle =	 {Proceedings of Formal Underpinnings of Java, an
                  OOPSLA},
  volume =	 98,
  year =	 1998,
  organization = {Citeseer}
}

@incollection{attali2000,
  title =	 {Smart tools for Java cards},
  author =	 {Attali, Isabelle and Caromel, Denis and Courbis,
                  Carine and Henrio, Ludovic and Nilsson, Henrik},
  booktitle =	 {Smart Card Research and Advanced Applications},
  editor =	 {Domingo-Ferrer, Josep and Chan, David and Watson,
                  Anthony},
  pages =	 {155--174},
  year =	 2000,
  publisher =	 {Springer}
}

@article{back1981,
  title =	 {On correct refinement of programs},
  author =	 {Back, RJR},
  journaltitle = {Journal of Computer and System Sciences},
  volume =	 23,
  number =	 1,
  pages =	 {49--68},
  year =	 1981,
  publisher =	 {Elsevier}
}

@INPROCEEDINGS{baker2006,
  author =	 {Baker, J. and Cunei, A. and Flack, C. and Pizlo,
                  F. and Prochazka, M. and Vitek, J. and Armbruster,
                  A. and Pla, E. and Holmes, D.},
  booktitle =	 {Real-Time and Embedded Technology and Applications
                  Symposium, 2006. Proceedings of the 12th IEEE},
  title =	 {A Real-time Java Virtual Machine for Avionics - An
                  Experience Report},
  year =	 2006,
  month =	 Apr,
  pages =	 {384-396},
  keywords =	 {Aerospace electronics;Intelligent
                  vehicles;Java;Programmable logic arrays;Real time
                  systems;Testing;Unmanned aerial vehicles;Virtual
                  machining;Virtual manufacturing;Yarn},
  doi =		 {10.1109/RTAS.2006.7},
  ISSN =	 {1545-3421},
}

@inproceedings{balzer1976,
  author =	 {Balzer, Robert and Goldman, Neil and Wile, David},
  title =	 {On the Transformational Implementation Approach to
                  Programming},
  booktitle =	 {Proceedings of the 2Nd International Conference on
                  Software Engineering},
  series =	 {ICSE '76},
  year =	 1976,
  location =	 {San Francisco, California, USA},
  pages =	 {337--344},
  numpages =	 8,
  url =		 {http://dl.acm.org/citation.cfm?id=800253.807696},
  acmid =	 807696,
  publisher =	 {IEEE Computer Society Press},
  keywords =	 {Abstract programming, Generators, Implementation
                  techniques, Program optimization, Program
                  transformations, Transformational implementation},
}

@INPROCEEDINGS{barros1994,
  author =	 {Barros, E. and Sampaio, A.},
  booktitle =	 {Proceedings of the Third International Workshop on
                  Hardware/Software Codesign},
  title =	 {Towards provably correct hardware/software
                  partitioning using OCCAM},
  year =	 1994,
  pages =	 {210-217},
}

@article{barthe2000,
  title =	 {Formalization in Coq of the Java Card virtual
                  machine},
  author =	 {Barthe, Gilles and Dufay, Guillaume and Jakubiec,
                  Line and Serpette, Bernard and Sousa, S and Yu, S},
  journaltitle = {Formal Techniques for Java Programs 2000},
  year =	 2000
}

@incollection{barthe2001,
  title =	 {A formal executable semantics of the JavaCard
                  platform},
  author =	 {Barthe, Gilles and Dufay, Guillaume and Jakubiec,
                  Line and Serpette, Bernard and De Sousa, Sim{\~a}o
                  Melo},
  booktitle =	 {Programming Languages and Systems},
  volume =	 2028,
  editor =	 {Sands, David},
  pages =	 {302--319},
  year =	 2001,
  publisher =	 {Springer}
}

@inproceedings{bauer1976,
  author =	 {Bauer, F. L.},
  title =	 {Programming As an Evolutionary Process},
  booktitle =	 {Proceedings of the 2nd International Conference on
                  Software Engineering},
  series =	 {ICSE '76},
  year =	 1976,
  location =	 {San Francisco, California, USA},
  pages =	 {223--234},
  numpages =	 12,
  url =		 {http://dl.acm.org/citation.cfm?id=800253.807679},
  acmid =	 807679,
  publisher =	 {IEEE Computer Society Press},
}

@Article{berghofer2004,
  title =	 {Extracting a formally verified, fully executable
                  compiler from a proof assistant},
  author =	 {Berghofer, Stefan and Strecker, Martin},
  journaltitle = {Electronic Notes in Theoretical Computer Science},
  volume =	 82,
  number =	 2,
  pages =	 {377--394},
  year =	 2004,
  publisher =	 {Elsevier}
}

@article{bertelsen2000,
  title =	 {Dynamic semantics of Java bytecode},
  author =	 {Bertelsen, Peter},
  journaltitle = {Future Generation Computer Systems},
  volume =	 16,
  number =	 7,
  pages =	 {841--850},
  year =	 2000,
  publisher =	 {Elsevier}
}

@INPROCEEDINGS{bissyande2013,
  author =	 {Bissyande, T.F. and Thung, F. and Lo, D. and
                  Lingxiao Jiang and Reveillere, L.},
  booktitle =	 {Computer Software and Applications Conference
                  (COMPSAC), 2013 IEEE 37th Annual},
  title =	 {Popularity, Interoperability, and Impact of
                  Programming Languages in 100,000 Open Source
                  Projects},
  year =	 2013,
  month =	 Jul,
  pages =	 {303-312},
  keywords =	 {functional languages;object-oriented
                  languages;public domain software;GitHub;functional
                  languages;object-oriented language;open source
                  software projects;procedural languages;programming
                  language impact;programming language
                  interoperability;programming language
                  popularity;Computers;Interoperability;Java;Measurement;Programming;Software;GitHub;Interoperability;Open
                  source;Popularity;Programming languages;Software
                  projects},
  doi =		 {10.1109/COMPSAC.2013.55},
}

@inproceedings{bogdanas2015,
  author =	 {Bogdanas, Denis and Ro\c{s}u, Grigore},
  title =	 {K-Java: A Complete Semantics of Java},
  booktitle =	 {Proceedings of the 42Nd Annual ACM SIGPLAN-SIGACT
                  Symposium on Principles of Programming Languages},
  editor =	 {Rajamani, Sriram and Walker, David},
  series =	 {POPL '15},
  year =	 2015,
  isbn =	 {978-1-4503-3300-9},
  location =	 {Mumbai, India},
  pages =	 {445--456},
  numpages =	 12,
  url =		 {http://doi.acm.org/10.1145/2676726.2676982},
  doi =		 {10.1145/2676726.2676982},
  acmid =	 2676982,
  publisher =	 {ACM},
  address =	 {New York, NY, USA},
  keywords =	 {java, k framework, mechanized semantics},
}

@article{borba2000,
  author =	 {Paulo Borba and Augusto Sampaio},
  title =	 {Basic Laws of {ROOL:} an object-oriented language},
  journaltitle = {{R}evista de {I}nform\'{a}tica {T}e\'{o}rica e
                  {A}plicada},
  year =	 2000,
  volume =	 7,
  number =	 1,
  pages =	 {49--68},
}

@article{borba2004,
  title =	 {Algebraic reasoning for object-oriented programming},
  author =	 {Borba, Paulo and Sampaio, Augusto and Cavalcanti,
                  Ana and Corn{\'e}lio, M{\'a}rcio},
  journaltitle = {Science of Computer Programming},
  volume =	 52,
  number =	 1,
  pages =	 {53--100},
  year =	 2004,
  publisher =	 {Elsevier}
}

@InProceedings{burstall1969,
  author =	 {Burstall, Rodney M and Landin, Peter J},
  editor =	 {Meltzer, Bernard and Michie, Donald},
  title =	 {Programs and their proofs: an algebraic approach},
  year =	 1969,
  booktitle =	 {Machine Intelligence 4},
  publisher =	 {Edinburgh University Press},
  pages =	 {17--44}
}

@incollection{buth1992,
  year =	 1992,
  isbn =	 {978-3-540-55984-9},
  booktitle =	 {Compiler Construction},
  volume =	 641,
  series =	 {Lecture Notes in Computer Science},
  editor =	 {Kastens, Uwe and Pfahler, Peter},
  doi =		 {10.1007/3-540-55984-1_14},
  title =	 {Provably correct compiler development and
                  implementation},
  url =		 {http://dx.doi.org/10.1007/3-540-55984-1_14},
  publisher =	 {Springer Berlin Heidelberg},
  author =	 {Buth, Bettina and Buth, Karl-Heinz and Fränzle,
                  Martin and v. Karger, Burghard and Lakhneche,
                  Yassine and Langmaack, Hans and Müller-Olm, Markus},
  pages =	 {141-155},
  language =	 {English}
}

@incollection{campbell2012,
  year =	 2012,
  isbn =	 {978-3-642-35307-9},
  booktitle =	 {Certified Programs and Proofs},
  volume =	 7679,
  series =	 {Lecture Notes in Computer Science},
  editor =	 {Hawblitzel, Chris and Miller, Dale},
  doi =		 {10.1007/978-3-642-35308-6_8},
  title =	 {An Executable Semantics for CompCert C},
  url =		 {http://dx.doi.org/10.1007/978-3-642-35308-6_8},
  publisher =	 {Springer Berlin Heidelberg},
  author =	 {Campbell, Brian},
  pages =	 {60-75},
  language =	 {English}
}

@InProceedings{caska2011,
  author =	 {Caska, James and Schoeberl, Martin},
  editor =	 {Wellings, Andy and Ravn, Anders P.},
  title =	 {{Java} Dust: How Small Can Embedded {Java} Be?},
  year =	 2011,
  booktitle =	 {Proceedings of the 9th International Workshop on
                  Java Technologies for Real-Time and Embedded
                  Systems},
  publisher =	 {ACM}
}

@inproceedings{casset2002,
  title =	 {Formal development of an embedded verifier for Java
                  Card byte code},
  author =	 {Casset, Ludovic and Burdy, Lilian and Requet,
                  Antoine},
  booktitle =	 {Proceedings. International Conference on Dependable
                  Systems and Networks},
  pages =	 {51--56},
  year =	 2002,
  organization = {IEEE}
}

@article{cavalcanti2000,
  title =	 {A weakest precondition semantics for refinement of
                  object-oriented programs},
  author =	 {Cavalcanti, Ana and Naumann, David A},
  journaltitle = {IEEE Transactions on Software Engineering},
  volume =	 26,
  number =	 8,
  pages =	 {713--728},
  year =	 2000,
  publisher =	 {IEEE Computer Society}
}

@InProceedings{cavalcanti2011,
  author =	 {Cavalcanti, Ana and Wellings, Andy and Woodcock, Jim
                  and Wei, Kun and Zeyda, Frank},
  editor =	 {Wellings, Andy and Ravn, Anders P.},
  title =	 {Safety-critical {Java} in {Circus}},
  year =	 2011,
  booktitle =	 {Proceedings of the 9th International Workshop on
                  Java Technologies for Real-Time and Embedded
                  Systems},
  publisher =	 {ACM},
  pages =	 {20--29}
}

@article{cavalcanti2013,
  title =	 {Safety-critical Java programs from Circus models},
  author =	 {Cavalcanti, Ana and Zeyda, Frank and Wellings, Andy
                  and Woodcock, Jim and Wei, Kun},
  journaltitle = {Real-Time Systems},
  volume =	 49,
  number =	 5,
  pages =	 {614--667},
  year =	 2013,
  publisher =	 {Springer}
}

@article{cenciarelli1999,
  title =	 {Towards a modular denotational semantics of Java},
  author =	 {Cenciarelli, Pietro},
  journaltitle = {Formal Techniques for Java Programs},
  pages =	 1,
  year =	 1999
}

@book{chen2000,
  title =	 {Java card technology for smart cards: architecture
                  and programmer's guide},
  author =	 {Chen, Zhiqun},
  year =	 2000,
  publisher =	 {Addison-Wesley Professional}
}

@Article{clifton2006,
  author =	 {Clifton, Curtis and Millstein, Todd and Leavens,
                  Gary T. and Chambers, Craig},
  title =	 {{MultiJava}: Design Rationale, Compiler
                  Implementation, and Applications},
  journaltitle = {ACM Transactions on Programming Languages and
                  Systems},
  year =	 2006,
  volume =	 28,
  number =	 3,
  pages =	 {517--575}
}

@inproceedings{colby2000,
  author =	 {Colby, Christopher and Lee, Peter and Necula, George
                  C. and Blau, Fred and Plesko, Mark and Cline,
                  Kenneth},
  title =	 {A Certifying Compiler for Java},
  booktitle =	 {Proceedings of the ACM SIGPLAN 2000 Conference on
                  Programming Language Design and Implementation},
  editor =	 {Monica Lam},
  series =	 {PLDI '00},
  year =	 2000,
  isbn =	 {1-58113-199-2},
  location =	 {Vancouver, British Columbia, Canada},
  pages =	 {95--107},
  publisher =	 {ACM},
  address =	 {New York, NY, USA},
}

@Manual{coq2004,
  title =	 {The {Coq} proof assistant reference manual},
  author =	 {\mbox{The Coq development team}},
  organization = {LogiCal Project},
  note =	 {Version 8.0},
  year =	 2004,
  url =		 "http://coq.inria.fr"
}

@article{davis2011,
  title =	 {A survey of hard real-time scheduling for
                  multiprocessor systems},
  author =	 {Davis, Robert I and Burns, Alan},
  journal =	 {ACM Computing Surveys (CSUR)},
  volume =	 43,
  number =	 4,
  pages =	 35,
  year =	 2011,
  publisher =	 {ACM}
}

@article{dijkstra1975,
  author =	 {Dijkstra, Edsger W.},
  title =	 {Guarded Commands, Nondeterminacy and Formal
                  Derivation of Programs},
  journaltitle = {Communications of the ACM},
  volume =	 18,
  number =	 8,
  year =	 1975,
  issn =	 {0001-0782},
  pages =	 {453--457},
  acmid =	 360975,
  publisher =	 {ACM},
  address =	 {New York, NY, USA},
}

@book{dijkstra1976,
  title =	 {A Discipline of Programming},
  author =	 {Dijkstra, Edsger},
  year =	 1976,
  publisher =	 {Prentice-Hall}
}

@incollection{drossopoulou1999a,
  title =	 {Describing the semantics of Java and proving type
                  soundness},
  author =	 {Drossopoulou, Sophia and Eisenbach, Susan},
  booktitle =	 {Formal Syntax and Semantics of Java},
  editor =	 {Alves-Foss, Jim},
  pages =	 {41--80},
  year =	 1999,
  publisher =	 {Springer}
}

@article{drossopoulou1999b,
  title =	 {Is the java type system sound?},
  author =	 {Drossopoulou, Sophia and Eisenbach, Susan and
                  Khurshid, Sarfraz},
  journaltitle = {TAPOS},
  volume =	 5,
  number =	 1,
  pages =	 {3--24},
  year =	 1999
}

@inproceedings{duran2001,
  title =	 {Formal bytecode generation for ROOL virtual machine},
  author =	 {Duran, Adolfo and Sampaio, Augusto and Cavalcanti,
                  Ana},
  booktitle =	 {4th Brazilian Workshop on Formal Methods},
  year =	 2001
}

@InCollection{duran2003,
  title =	 {A strategy for compiling classes, inheritance, and
                  dynamic binding},
  author =	 {Duran, Adolfo and Cavalcanti, Ana and Sampaio,
                  Augusto},
  booktitle =	 {FME 2003: Formal Methods},
  pages =	 {301--320},
  year =	 2003,
  publisher =	 {Springer},
}

@Thesis{duran2005,
  author =	 {Duran, Adolfo},
  title =	 {An Algebraic Approach to the Design of Compilers for
                  Object-Oriented Languages},
  type =	 {PhD Thesis},
  institution =	 {Universidade Federalde Pernambuco},
  year =	 2005,
}

@Article{duran2010,
  title =	 {An algebraic approach to the design of compilers for
                  object-oriented languages},
  author =	 {Duran, Adolfo and Cavalcanti, Ana and Sampaio,
                  Augusto},
  journal =	 {Formal aspects of computing},
  volume =	 22,
  number =	 5,
  pages =	 {489--535},
  year =	 2010,
  publisher =	 {Springer},
}

@inproceedings{ellison2012,
  author =	 {Ellison, Chucky and Rosu, Grigore},
  title =	 {An Executable Formal Semantics of C with
                  Applications},
  booktitle =	 {Proceedings of the 39th Annual ACM SIGPLAN-SIGACT
                  Symposium on Principles of Programming Languages},
  series =	 {POPL '12},
  editor =	 {Field, John and Hicks, Michael},
  year =	 2012,
  isbn =	 {978-1-4503-1083-3},
  location =	 {Philadelphia, PA, USA},
  pages =	 {533--544},
  numpages =	 12,
  url =		 {http://doi.acm.org/10.1145/2103656.2103719},
  doi =		 {10.1145/2103656.2103719},
  acmid =	 2103719,
  publisher =	 {ACM},
  address =	 {New York, NY, USA},
  keywords =	 {C, k, semantics},
}

@article{ferreira2014,
  title =	 {Automated verification of the {FreeRTOS} scheduler
                  in {Hip/Sleek}},
  year =	 2014,
  issn =	 {1433-2779},
  journal =	 {International Journal on Software Tools for
                  Technology Transfer},
  volume =	 16,
  number =	 4,
  doi =		 {10.1007/s10009-014-0307-4},
  url =		 {http://dx.doi.org/10.1007/s10009-014-0307-4},
  publisher =	 {Springer Berlin Heidelberg},
  keywords =	 {FreeRTOS; Separation logic; Automated verification;
                  Operating systems; Embedded systems; Task scheduler;
                  HIP/SLEEK},
  author =	 {Ferreira, Jo\"{a}o F. and Gherghina, Cristian and
                  He, Guanhua and Qin, Shengchao and Chin, Wei-Ngan},
  pages =	 {381-397},
  language =	 {English}
}

@incollection{foster2015,
  year =	 2015,
  isbn =	 {978-3-319-14805-2},
  booktitle =	 {Unifying Theories of Programming},
  volume =	 8963,
  series =	 {Lecture Notes in Computer Science},
  editor =	 {Naumann, David},
  doi =		 {10.1007/978-3-319-14806-9_2},
  title =	 {Isabelle/UTP: A Mechanised Theory Engineering
                  Framework},
  url =		 {http://dx.doi.org/10.1007/978-3-319-14806-9_2},
  publisher =	 {Springer International Publishing},
  author =	 {Foster, Simon and Zeyda, Frank and Woodcock, Jim},
  pages =	 {21-41},
  language =	 {English}
}

@Misc{goerigk1996,
  title =	 {Compiler correctness and implementation
                  verification: The verifix approach},
  author =	 {Goerigk, Wolfgang and Dold, Axel and Gaul, Thilo and
                  Goos, Gerhard and Heberle, Andreas and Von Henke,
                  Friedrich W and Hoffmann, Ulrich and Langmaack, Hans
                  and Pfeifer, Holger and Ruess, Harald and others},
  year =	 1996
}

@inproceedings{goguen1988,
  title =	 {An introduction to {OBJ} 3},
  author =	 {Goguen, Joseph and Kirchner, Claude and Kirchner,
                  H{\'e}l{\`e}ne and M{\'e}grelis, Aristide and
                  Meseguer, Jos{\'e} and Winkler, Timothy},
  booktitle =	 {Conditional Term Rewriting Systems},
  editor =	 {Kaplan, S. and Jouannaud, J. -P.},
  pages =	 {258--263},
  year =	 1988,
  organization = {Springer}
}

@article{goos2002,
  title =	 {Compiler verification and compiler architecture},
  author =	 {Goos, Gerhard},
  journaltitle = {Electronic Notes in Theoretical Computer Science},
  volume =	 65,
  number =	 2,
  pages =	 1,
  year =	 2002,
  publisher =	 {Elsevier}
}

@book{gosling2000,
  author =	 {Gosling, James and Bollella, Greg},
  title =	 {The Real-Time Specification for Java},
  year =	 2000,
  isbn =	 0201703238,
  publisher =	 {Addison-Wesley Longman Publishing Co., Inc.},
  address =	 {Boston, MA, USA},
}

@book{gosling2013,
  title =	 {The Java Language Specification},
  author =	 {Gosling, James and Joy, Bill and Steele Jr, Guy L
                  and Bracha, Gilad and Buckley, Alex},
  year =	 2013,
  publisher =	 {Addison-Wesley}
}

@article{gotsman2013,
  title =	 {Modular verification of preemptive {OS} kernels},
  author =	 {Gotsman, Alexey and Yang, Hongseok},
  journal =	 {Journal of Functional Programming},
  volume =	 23,
  issue =	 {Special Issue 04},
  year =	 2013,
  issn =	 {1469-7653},
  pages =	 {452--514},
  numpages =	 63,
  doi =		 {10.1017/S0956796813000075},
  URL =
                  {http://journals.cambridge.org/article_S0956796813000075},
}

@article{haftmann2007,
  title =	 {A code generator framework for Isabelle/HOL},
  author =	 {Haftmann, Florian and Nipkow, Tobias},
  journaltitle = {Theorem Proving in Higher Order Logics (TPHOLs
                  2007). Lecture Notes in Computer Science},
  volume =	 4732,
  pages =	 {128--143},
  year =	 2007
}

@Article{hartel2001,
  author =	 {Hartel, Pieter H. and Moreau, Luc},
  title =	 {Formalizing the Safety of {Java}, the {Java} Virtual
                  Machine, and {Java} Card},
  journaltitle = {ACM Computing Surveys },
  issue_date =	 {December 2001},
  volume =	 33,
  number =	 4,
  month =	 Dec,
  year =	 2001,
  issn =	 {0360-0300},
  pages =	 {517--558},
  numpages =	 42,
  doi =		 {10.1145/503112.503115},
  publisher =	 {ACM},
  address =	 {New York, NY, USA},
}

@article{hoare1984,
  title =	 {Programs are predicates [and discussion]},
  author =	 {Hoare, CAR and Hanna, FK},
  journaltitle = {Philosophical Transactions of the Royal Society of
                  London. Series A, Mathematical and Physical
                  Sciences},
  volume =	 312,
  number =	 1522,
  pages =	 {475--489},
  year =	 1984,
  publisher =	 {The Royal Society}
}

@article{hoare1987,
  title =	 {Laws of programming},
  author =	 {Hoare, Charles Antony Richard and Hayes, Ian J. and
                  Jifeng, He and Morgan, Carol C and Roscoe, A William
                  and Sanders, Jeff W. and Sorensen, I Holm and
                  Spivey, J. Michael and Sufrin, Bernard A},
  journal =	 {Communications of the ACM},
  volume =	 30,
  number =	 8,
  pages =	 {672--686},
  year =	 1987,
  publisher =	 {ACM}
}

@inproceedings{hoare1991,
  title =	 {Refinement algebra proves correctness of compiling
                  specifications},
  author =	 {Hoare, CAR},
  booktitle =	 {3rd Refinement Workshop},
  editor =	 {Carroll Morgan and Jim Woodcock},
  pages =	 {33--48},
  year =	 1991,
  isbn =	 3540196242
}

@Article{hoare1993,
  title =	 {Normal form approach to compiler design},
  author =	 {Hoare, CAR and Jifeng, He and Sampaio, Augusto},
  journaltitle = {Acta informatica},
  volume =	 30,
  number =	 8,
  pages =	 {701--739},
  year =	 1993,
  publisher =	 {Springer},
}

@book{hoare1998,
  title =	 {Unifying theories of programming},
  author =	 {Hoare, Charles Antony Richard and Jifeng, He},
  year =	 1998,
  publisher =	 {Prentice Hall}
}

@incollection{hoare2000,
  author =	 {Hoare, C. A. R. and Jifeng, He and Sampaio, Augusto},
  title =	 {Algebraic Derivation of an Operational Semantics},
  booktitle =	 {Proof, Language, and Interaction},
  editor =	 {Plotkin, Gordon and Stirling, Colin and Tofte, Mads},
  year =	 2000,
  isbn =	 {0-262-16188-5},
  pages =	 {77--98},
  numpages =	 22,
  publisher =	 {MIT Press},
  address =	 {Cambridge, MA, USA},
}

@book{horstmann2002,
  author =	 {Horstmann, Cay S. and Cornell, Gary},
  title =	 {Core Java 2: Volume I, Fundamentals, Sixth Edition},
  year =	 2002,
  isbn =	 0130471771,
  edition =	 {6th},
  publisher =	 {Pearson Education},
}

@InCollection{janssen1998,
  author =	 {Janssen, Theo MV},
  editor =	 {de Roever, Willem-Paul and Langmaack, Hans and
                  Pnueli, Amir},
  title =	 {An overview of compositional translations},
  year =	 1998,
  booktitle =	 {Compositionality: The Significant Difference},
  series =	 {Lecture Notes in Computer Science},
  publisher =	 {Springer Berlin Heidelberg},
  pages =	 {327-349}
}

@inproceedings{jones1998,
  title =	 {The functions of Java bytecode},
  author =	 {Jones, Mark},
  booktitle =	 {Workshop on the Formal Underpinnings of the Java
                  Paradigm},
  year =	 1998,
}

@incollection{joshi2012,
  year =	 2012,
  isbn =	 {978-3-642-27704-7},
  booktitle =	 {Verified Software: Theories, Tools, Experiments},
  volume =	 7152,
  series =	 {Lecture Notes in Computer Science},
  editor =	 {Joshi, Rajeev and Müller, Peter and Podelski,
                  Andreas},
  doi =		 {10.1007/978-3-642-27705-4_20},
  title =	 {Isabelle/Circus: A Process Specification and
                  Verification Environment},
  url =		 {http://dx.doi.org/10.1007/978-3-642-27705-4_20},
  publisher =	 {Springer Berlin Heidelberg},
  keywords =	 {Circus; denotational semantics; Isabelle/HOL;
                  Process Algebras; Refinement},
  author =	 {Feliachi, Abderrahmane and Gaudel, Marie-Claude and
                  Wolff, Burkhart},
  pages =	 {243-260},
  language =	 {English}
}

@Article{klein2003,
  title =	 {Verified bytecode verifiers},
  author =	 {Klein, Gerwin and Nipkow, Tobias},
  journaltitle = {Theoretical Computer Science},
  volume =	 298,
  number =	 3,
  pages =	 {583--626},
  year =	 2003,
  publisher =	 {Elsevier}
}

@Article{klein2006,
  author =	 {Klein, Gerwin and Nipkow, Tobias},
  title =	 {A Machine-checked Model for a {Java}-like Language,
                  Virtual Machine, and Compiler},
  journaltitle = {ACM Transactions on Programming Languages and
                  Systems},
  volume =	 28,
  number =	 4,
  year =	 2006,
  issn =	 {0164-0925},
  pages =	 {619--695},
  numpages =	 77,
  doi =		 {10.1145/1146809.1146811},
  publisher =	 {ACM},
  address =	 {New York, NY, USA},
}

@article{klein2014,
  title =	 {Comprehensive Formal Verification of an {OS}
                  Microkernel},
  author =	 {Klein, Gerwin and Andronick, June and Elphinstone,
                  Kevin and Murray, Toby and Sewell, Thomas and
                  Kolanski, Rafal and Heiser, Gernot},
  journal =	 {ACM Trans. Comput. Syst.},
  issue_date =	 {February 2014},
  volume =	 32,
  number =	 1,
  month =	 Feb,
  year =	 2014,
  issn =	 {0734-2071},
  pages =	 {2:1--2:70},
  articleno =	 2,
  numpages =	 70,
  url =		 {http://doi.acm.org/10.1145/2560537},
  doi =		 {10.1145/2560537},
  acmid =	 2560537,
  publisher =	 {ACM},
  address =	 {New York, NY, USA},
  keywords =	 {Isabelle/HOL, L4, microkernel, operating systems,
                  seL4},
}

@article{kornecki2009,
  year =	 2009,
  issn =	 {1614-5046},
  journaltitle = {Innovations in Systems and Software Engineering},
  volume =	 5,
  number =	 2,
  doi =		 {10.1007/s11334-009-0088-1},
  title =	 {Certification of software for real-time
                  safety-critical systems: state of the art},
  url =		 {http://dx.doi.org/10.1007/s11334-009-0088-1},
  publisher =	 {Springer-Verlag},
  keywords =	 {Software certification; Software tools; Software
                  safety; Tool qualification; Safety-critical systems;
                  Real-time systems},
  author =	 {Kornecki, Andrew and Zalewski, Janusz},
  pages =	 {149-161},
  language =	 {English}
}

@Article{korsholm2014,
  author =	 {Korsholm, Stephan E. and S{\o}ndergaard, Hans and
                  Ravn, Anders P.},
  title =	 {A real-time {Java} tool chain for resource
                  constrained platforms},
  journaltitle = {Concurrency and Computation: Practice and
                  Experience},
  year =	 2014,
  volume =	 26,
  number =	 14,
  pages =	 {2407--2431},
  issn =	 {1532-0634},
  doi =		 {10.1002/cpe.3164},
}

@incollection{krebbers2014,
  year =	 2014,
  isbn =	 {978-3-319-08969-0},
  booktitle =	 {Interactive Theorem Proving},
  volume =	 8558,
  series =	 {Lecture Notes in Computer Science},
  editor =	 {Klein, Gerwin and Gamboa, Ruben},
  doi =		 {10.1007/978-3-319-08970-6_36},
  title =	 {Formal C Semantics: CompCert and the C Standard},
  url =		 {http://dx.doi.org/10.1007/978-3-319-08970-6_36},
  publisher =	 {Springer International Publishing},
  author =	 {Krebbers, Robbert and Leroy, Xavier and Wiedijk,
                  Freek},
  pages =	 {543-548},
  language =	 {English}
}

@Online{lausanne2015,
  author =	 {{\'Ecole Polytechnique F\'ed\'erale de Lausanne
                  (EPFL)}},
  title =	 {The Scala Programming Language},
  year =	 2015,
  url =		 {http://scala-lang.org/},
  urldate =	 {2015-03-09}
}

@article{leroy2009a,
  title =	 {Formal verification of a realistic compiler},
  author =	 {Leroy, Xavier},
  journaltitle = {Communications of the ACM},
  volume =	 52,
  number =	 7,
  pages =	 {107--115},
  year =	 2009,
  publisher =	 {ACM}
}

@article{leroy2009b,
  title =	 {A formally verified compiler back-end},
  author =	 {Leroy, Xavier},
  journaltitle = {Journal of Automated Reasoning},
  volume =	 43,
  number =	 4,
  pages =	 {363--446},
  year =	 2009,
  publisher =	 {Springer}
}

@misc{leroy2012,
  title =	 {The CompCert C verified compiler},
  author =	 {Leroy, Xavier},
  year =	 2012,
  publisher =	 {CompCert}
}

@Thesis{lester1988,
  title =	 {Combinator graph reduction: A congruence and its
                  applications.},
  author =	 {Lester, David},
  type =	 {PhD Thesis},
  year =	 1988,
  institution =	 {University of Oxford}
}

@incollection{letouzey2003,
  title =	 {A new extraction for Coq},
  author =	 {Letouzey, Pierre},
  booktitle =	 {Types for proofs and program},
  editor =	 {Geuvers, Herman and Wiedijk, Freek},
  pages =	 {200--219},
  year =	 2003,
  publisher =	 {Springer}
}

@incollection{letouzey2008,
  title =	 {Extraction in coq: An overview},
  author =	 {Letouzey, Pierre},
  booktitle =	 {Logic and Theory of Algorithms},
  editor =	 {Beckmann, Arnold and Dimitracopoulos, Costas and
                  L\"{o}we, Benedikt},
  pages =	 {359--369},
  year =	 2008,
  publisher =	 {Springer}
}

@ARTICLE{lime2009,
  title =	 {Formal verification of real-time systems with
                  preemptive scheduling},
  year =	 2009,
  issn =	 {0922-6443},
  journal =	 {Real-Time Systems},
  volume =	 41,
  number =	 2,
  doi =		 {10.1007/s11241-008-9059-0},
  url =		 {http://dx.doi.org/10.1007/s11241-008-9059-0},
  publisher =	 {Springer US},
  keywords =	 {Formal methods; Petri nets; Preemptive scheduling;
                  Verification; Hybrid automata},
  author =	 {Lime, Didier and Roux, Olivier(H.)},
  pages =	 {118--151},
  language =	 {English}
}

@book{lindholm2014,
  title =	 {The Java virtual machine specification},
  author =	 {Lindholm, Tim and Yellin, Frank and Bracha, Gilad
                  and Buckley, Alex},
  year =	 2014,
  publisher =	 {Pearson Education}
}

@inproceedings{lira2002,
  title =	 {Automation of a normal form reduction strategy for
                  object-oriented programming},
  author =	 {Lira, BO and Cavalcanti, ALC and Sampaio, ACA},
  booktitle =	 {Proceedings of the 5th Brazilian workshop on formal
                  methods},
  pages =	 {193--208},
  year =	 2002
}

@incollection{lochbihler2010,
  title =	 {Verifying a compiler for Java threads},
  author =	 {Lochbihler, Andreas},
  booktitle =	 {Programming languages and systems},
  editor =	 {Gordon, Andrew D.},
  pages =	 {427--447},
  year =	 2010,
  publisher =	 {Springer}
}

@book{lochbihler2012,
  title =	 {A Machine-Checked, Type-Safe Model of {Java}
                  Concurrency: Language, Virtual Machine, Memory
                  Model, and Verified Compiler},
  author =	 {Lochbihler, Andreas},
  year =	 2012,
  publisher =	 {KIT Scientific Publishing}
}

@incollection{lochbihler2012a,
  year =	 2012,
  isbn =	 {978-3-642-28868-5},
  booktitle =	 {Programming Languages and Systems},
  volume =	 7211,
  series =	 {Lecture Notes in Computer Science},
  editor =	 {Seidl, Helmut},
  doi =		 {10.1007/978-3-642-28869-2_25},
  title =	 {Java and the Java Memory Model — A Unified,
                  Machine-Checked Formalisation},
  url =		 {http://dx.doi.org/10.1007/978-3-642-28869-2_25},
  publisher =	 {Springer Berlin Heidelberg},
  author =	 {Lochbihler, Andreas},
  pages =	 {497-517},
  language =	 {English}
}

@Misc{locke2013,
  author =	 {D.~Locke and B.~S.~Andersen and B.~Brosgol and
                  M.~Fulton and T.~Henties and J.~J.~Hunt and
                  J.~O.~Nielsen and K.~Nilsen and M.~Schoeberl and
                  J.~Tokar and J.~Vitek and A.~Wellings and others},
  title =	 {Safety-Critical Java Technology Specification},
  date =	 {2013-06-25},
  type =	 {Draft},
  version =	 {0.94},
  organization = {The Open Group},
  url =
                  {https://jcp.org/aboutJava/communityprocess/edr/jsr302/index2.html},
  urldate =	 {2014-11-18}
}

@inproceedings{luckow2014,
  author =	 {Luckow, Kasper S{\o}e and Thomsen, Bent and
                  Korsholm, Stephan Erbs},
  title =	 {{HVMTP}: A Time Predictable and Portable Java
                  Virtual Machine for Hard Real-Time Embedded Systems},
  booktitle =	 {Proceedings of the 12th International Workshop on
                  Java Technologies for Real-time and Embedded
                  Systems},
  editor =	 {Puffitsch, Wolfgang},
  series =	 {JTRES '14},
  year =	 2014,
  isbn =	 {978-1-4503-2813-5},
  location =	 {Niagara Falls, NY, USA},
  pages =	 {107:107--107:116},
  articleno =	 107,
  numpages =	 10,
  url =		 {http://doi.acm.org/10.1145/2661020.2661022},
  doi =		 {10.1145/2661020.2661022},
  acmid =	 2661022,
  publisher =	 {ACM},
  keywords =	 {Java virtual machine, Model checking, Real-time
                  Java, Time predictability},
}

@Article{mccarthy1967,
  title =	 {Correctness of a compiler for arithmetic
                  expressions},
  author =	 {McCarthy, John and Painter, James},
  journaltitle = {Mathematical aspects of computer science},
  volume =	 1,
  year =	 1967
}

@book{meijer1992,
  title =	 {More advice on proving a compiler correct: Improve a
                  correct compiler},
  author =	 {Meijer, Erik},
  year =	 1992,
  publisher =	 {Springer}
}

@article{milner1972,
  title =	 {Proving compiler correctness in a mechanized logic},
  author =	 {Milner, Robin and Weyhrauch, Richard},
  journaltitle = {Machine Intelligence},
  volume =	 7,
  pages =	 {51--70},
  year =	 1972
}

@article{milner1972a,
  author =	 {Milner, Robin},
  title =	 {Implementation and Applications of Scott's Logic for
                  Computable Functions},
  journaltitle = {SIGPLAN Not.},
  issue_date =	 {January 1972},
  volume =	 7,
  number =	 1,
  month =	 jan,
  year =	 1972,
  issn =	 {0362-1340},
  pages =	 {1--6},
  numpages =	 6,
  url =		 {http://doi.acm.org/10.1145/942578.807067},
  doi =		 {10.1145/942578.807067},
  acmid =	 807067,
  publisher =	 {ACM},
  address =	 {New York, NY, USA},
}

@article{moore1989,
  title =	 {A mechanically verified language implementation},
  author =	 {Moore, J Strother},
  journaltitle = {Journal of Automated Reasoning},
  volume =	 5,
  number =	 4,
  pages =	 {461--492},
  year =	 1989,
  publisher =	 {Springer}
}

@book{morgan1990,
  title =	 {Programming from specifications},
  author =	 {Morgan, Carroll},
  year =	 1990,
  publisher =	 {Prentice-Hall, Inc.}
}

@inproceedings{morris1973,
  title =	 {Advice on structuring compilers and proving them
                  correct},
  author =	 {Morris, F Lockwood},
  booktitle =	 {Proceedings of the 1st annual ACM SIGACT-SIGPLAN
                  symposium on Principles of programming languages},
  pages =	 {144--152},
  year =	 1973,
  organization = {ACM}
}

@article{morris1987,
  title =	 {A theoretical basis for stepwise refinement and the
                  programming calculus},
  author =	 {Morris, Joseph M},
  journaltitle = {Science of Computer programming},
  volume =	 9,
  number =	 3,
  pages =	 {287--306},
  year =	 1987,
  publisher =	 {Elsevier}
}

@ARTICLE{mulchandani1998,
  author =	 {Mulchandani, D.},
  journaltitle = {Internet Computing, IEEE},
  title =	 {Java for embedded systems},
  year =	 1998,
  month =	 May,
  volume =	 2,
  number =	 3,
  pages =	 {30-39},
  keywords =	 {application program interfaces;object-oriented
                  languages;real-time systems;storage management;Java
                  VM;Java compilers;ROMizers;dynamic behavior;dynamic
                  extensibility;embedded devices;embedded
                  systems;Application software;Embedded
                  software;Embedded system;Internet;Java;Memory
                  management;Packaging;Real time
                  systems;Tutorial;Virtual manufacturing},
  doi =		 {10.1109/4236.683797},
  ISSN =	 {1089-7801},
}

@article{necula1996,
  title =	 {Safe kernel extensions without run-time checking},
  author =	 {Necula, George C and Lee, Peter},
  journaltitle = {SIGOPS Operating Systems Review},
  volume =	 30,
  pages =	 {229--244},
  year =	 1996,
  publisher =	 {[New York, NY, ACM Special Interest Group on
                  Operating Systems]}
}

@INPROCEEDINGS{nipkow2000,
  author =	 {Nipkow,Tobias and von Oheimb, David and Pusch,
                  Cornelia},
  title =	 {$\mu$Java: Embedding a Programming Language in a
                  Theorem Prover},
  booktitle =	 {Foundations of Secure Computation, volume 175 of
                  NATO Science Series F: Computer and Systems
                  Sciences},
  editor =	 {Bauer, Friedrich L and Steinbr\"{u}ggen, Ralf},
  year =	 2000,
  pages =	 {117--144},
  publisher =	 {IOS Press}
}

@book{nipkow2002,
  title =	 {Isabelle/HOL: a proof assistant for higher-order
                  logic},
  author =	 {Nipkow, Tobias and Paulson, Lawrence C and Wenzel,
                  Markus},
  volume =	 2283,
  year =	 2002,
  publisher =	 {Springer Science \& Business Media}
}

@Online{nipkow2014,
  author =	 {Nipkow, Tobias and Paulson, Lawrence and Wenzel,
                  Makarius and Klein, Gerwin and Haftmann, Florian and
                  Weber, Tjark and H\"{o}lzl, Johannes},
  title =	 {{Isabelle}},
  year =	 2014,
  url =		 {http://isabelle.in.tum.de/},
  urldate =	 {2014-12-03}
}

@inproceedings{odersky1997,
  author =	 {Odersky, Martin and Wadler, Philip},
  editor =	 {Lee, Peter and Henglein, Fritz and Jones, Neil D.},
  title =	 {{Pizza} into {Java}: Translating Theory into
                  Practice},
  year =	 1997,
  booktitle =	 {Proceedings of the 24th ACM SIGPLAN-SIGACT Symposium
                  on Principles of Programming Languages},
  publisher =	 {ACM},
  pages =	 {146--159}
}

@article{oliveira2009,
  year =	 2009,
  issn =	 {0934-5043},
  journal =	 {Formal Aspects of Computing},
  volume =	 21,
  number =	 {1-2},
  doi =		 {10.1007/s00165-007-0052-5},
  title =	 {A UTP semantics for Circus},
  url =		 {http://dx.doi.org/10.1007/s00165-007-0052-5},
  publisher =	 {Springer-Verlag},
  keywords =	 {Relational model; Concurrency; Refinement calculus;
                  Theorem proving},
  author =	 {Oliveira, Marcel and Cavalcanti, Ana and Woodcock,
                  Jim},
  pages =	 {3-32},
  language =	 {English}
}

@Online{oracle2014,
  author =	 {{Oracle Corporation}},
  title =	 {{Java Platform, Micro Edition (Java ME)}},
  year =	 2014,
  url =
                  {http://www.oracle.com/technetwork/java/embedded/javame/index.html},
  urldate =	 {2014-11-25}
}

@Thesis{perna2010,
  author =	 {Perna, Juan Ignacio},
  title =	 {A verified compiler for Handel-C},
  type =	 {PhD Thesis},
  institution =	 {University of York},
  year =	 2010,
  url =		 {http://etheses.whiterose.ac.uk/585/},
}

@Article{perna2011,
  title =	 {Correct hardware synthesis},
  subtitle =	 {An algebraic approach},
  author =	 {Perna, Juan and Woodcock, Jim and Sampaio, Augusto
                  and Iyoda, Juliano},
  journal =	 {Acta informatica},
  volume =	 48,
  number =	 {7-8},
  pages =	 {363--396},
  year =	 2011,
  publisher =	 {Springer}
}

@inproceedings{pizlo2009,
  author =	 {Pizlo, Filip and Ziarek, Lukasz and Vitek, Jan},
  title =	 {Real Time {Java} on Resource-constrained Platforms
                  with {Fiji VM}},
  booktitle =	 {Proceedings of the 7th International Workshop on
                  Java Technologies for Real-Time and Embedded
                  Systems},
  series =	 {JTRES '09},
  year =	 2009,
  isbn =	 {978-1-60558-732-5},
  location =	 {Madrid, Spain},
  pages =	 {110--119},
  numpages =	 10,
  url =		 {http://doi.acm.org/10.1145/1620405.1620421},
  doi =		 {10.1145/1620405.1620421},
  acmid =	 1620421,
  publisher =	 {ACM}
}

@inproceedings{plsek2010,
  author =	 {Plsek, Ales and Zhao, Lei and Sahin, Veysel H. and
                  Tang, Daniel and Kalibera, Tomas and Vitek, Jan},
  title =	 {Developing Safety Critical Java Applications with
                  oSCJ/L0},
  booktitle =	 {Proceedings of the 8th International Workshop on
                  Java Technologies for Real-Time and Embedded
                  Systems},
  series =	 {JTRES '10},
  year =	 2010,
  isbn =	 {978-1-4503-0122-0},
  location =	 {Prague, Czech Republic},
  pages =	 {95--101},
  numpages =	 7,
  url =		 {http://doi.acm.org/10.1145/1850771.1850786},
  doi =		 {10.1145/1850771.1850786},
  acmid =	 1850786,
  publisher =	 {ACM},
  keywords =	 {Java virtual machine, memory management, safety
                  critical systems},
}

@book{polak1981,
  author =	 {Polak, Wolfgang},
  title =	 {Compiler Specification and Verification},
  year =	 1981,
  isbn =	 0387108866,
  publisher =	 {Springer-Verlag New York, Inc.},
  address =	 {Secaucus, NJ, USA},
}

@Online{redhat2015,
  author =	 {{Red Hat, Inc.}},
  title =	 {{Ceylon: Welcome to Ceylon}},
  year =	 2015,
  url =		 {http://ceylon-lang.org/},
  urldate =	 {2015-03-09}
}

@inproceedings{richard2010,
  title =	 {Use of {PERC Pico} for Safety Critical {Java}},
  author =	 {Richard-Foy, M and Schoofs, T and Jenn, E and
                  Gauthier, L and Nilsen, K},
  booktitle =	 {Conference Proceedings: Embedded Real-Time Software
                  and Systems, Toulouse, France},
  year =	 2010
}

@article{roscoe1988,
  title =	 {The laws of occam programming},
  author =	 {Roscoe, Andrew William and Hoare, Charles Antony
                  Richard},
  journaltitle = {Theoretical Computer Science},
  volume =	 60,
  number =	 2,
  pages =	 {177--229},
  year =	 1988,
  publisher =	 {Elsevier}
}

@BOOK{roscoe2011,
  title =	 {{Understanding Concurrent Systems}},
  publisher =	 {Springer},
  year =	 2011,
  author =	 {A.~W.~Roscoe},
  series =	 {Texts in Computer Science},
}

@Thesis{sampaio1993,
  author =	 {Sampaio, Augusto},
  title =	 {An algebraic approach to compiler design},
  type =	 {PhD Thesis},
  institution =	 {Oxford University Computing Laboratory},
  year =	 1993,
  isbn =	 0902928872,
}

@book{sampaio1997,
  title =	 {An algebraic approach to compiler design},
  author =	 {Sampaio, Augusto},
  year =	 1997,
  publisher =	 {World Scientific}
}

@article{schoeberl2011,
  author =	 {Schoeberl, Martin and Korsholm, Stephan and
                  Kalibera, Tomas and Ravn, Anders P.},
  title =	 {A Hardware Abstraction Layer in Java},
  journal =	 {ACM Transactions on Embedded Computing Systems },
  volume =	 10,
  number =	 4,
  month =	 {November},
  year =	 2011,
  issn =	 {1539-9087},
  pages =	 {42:1--42:40},
  articleno =	 42,
  numpages =	 40,
  doi =		 {10.1145/2043662.2043666},
  publisher =	 {ACM},
  address =	 {New York, NY, USA},
  keywords =	 {Device driver, Java, Java virtual machine, embedded
                  system},
}

@inproceedings{schoeberl2014,
  author =	 {Schoeberl, Martin and Dalsgaard, Andreas Engelbredt
                  and Hansen, Ren{\'e} Rydhof and Korsholm, Stephan
                  E. and Ravn, Anders P. and Rivas, Juan Ricardo Rios
                  and Str{\o}m, T\'{o}rur Biskopst{\o} and
                  S{\o}ndergaard, Hans},
  title =	 {Certifiable Java for Embedded Systems},
  booktitle =	 {Proceedings of the 12th International Workshop on
                  Java Technologies for Real-time and Embedded
                  Systems},
  editor =	 {Puffitsch, Wolfgang},
  series =	 {JTRES '14},
  year =	 2014,
  isbn =	 {978-1-4503-2813-5},
  location =	 {Niagara Falls, NY, USA},
  pages =	 {10:10--10:19},
  articleno =	 10,
  numpages =	 10,
  url =		 {http://doi.acm.org/10.1145/2661020.2661025},
  doi =		 {10.1145/2661020.2661025},
  acmid =	 2661025,
  publisher =	 {ACM},
  keywords =	 {Safety-critical Java},
}

@inproceedings{schultz2003,
  title =	 {Compiling java for low-end embedded systems},
  author =	 {Schultz, Ulrik Pagh and Burgaard, Kim and
                  Christensen, Flemming Gram and Knudsen, J{\o}rgen
                  Lindskov},
  booktitle =	 {ACM SIGPLAN Notices},
  editor =	 {Frank Mueller and Uli Kremer},
  volume =	 38,
  number =	 7,
  pages =	 {42--50},
  year =	 2003,
  organization = {ACM}
}

@incollection{silva1997,
  title =	 {A normal form reduction strategy for
                  hardware/software partitioning},
  author =	 {Silva, Leila and Sampaio, Augusto and Barros, Edna},
  booktitle =	 {FME'97: Industrial Applications and Strengthened
                  Foundations of Formal Methods},
  editor =	 {John Fitzgerald and Cliff B. Jones and Peter Lucas},
  pages =	 {624--643},
  year =	 1997,
  publisher =	 {Springer}
}

@incollection{silva1999,
  title =	 {An algebraic approach to combining processes in a
                  hardware/software partitioning environment},
  author =	 {Silva, Leila and Sampaio, Augusto and Barros, Edna
                  and Iyoda, Juliano},
  booktitle =	 {Algebraic Methodology and Software Technology},
  editor =	 {Armando M. Haeberer},
  pages =	 {308--324},
  year =	 1999,
  publisher =	 {Springer}
}

@article{silva2004,
  title =	 {A constructive approach to hardware/software
                  partitioning},
  author =	 {Silva, Leila and Sampaio, Augusto and Barros, Edna},
  journaltitle = {Formal Methods in System Design},
  volume =	 24,
  number =	 1,
  pages =	 {45--90},
  year =	 2004,
  publisher =	 {Springer}
}

@inproceedings{sondergaard2012,
  author =	 {S{\o}ndergaard, Hans and Korsholm, Stephan E. and
                  Ravn, Anders P.},
  title =	 {Safety-critical {Java} for Low-end Embedded
                  Platforms},
  booktitle =	 {Proceedings of the 10th International Workshop on
                  Java Technologies for Real-time and Embedded
                  Systems},
  editor =	 {Schoeberl, Martin and Wellings, Andy},
  series =	 {JTRES '12},
  year =	 2012,
  isbn =	 {978-1-4503-1688-0},
  pages =	 {44--53},
  numpages =	 10,
  doi =		 {10.1145/2388936.2388945},
  publisher =	 {ACM}
}

@inproceedings{standish1976,
  author =	 {Standish, Thomas A. and Kibler, Dennis F. and
                  Neighbors, James M.},
  title =	 {Improving and Refining Programs by Program
                  Manipulation},
  booktitle =	 {Proceedings of the 1976 Annual Conference},
  series =	 {ACM '76},
  year =	 1976,
  location =	 {Houston, Texas, USA},
  pages =	 {509--516},
  numpages =	 8,
  url =		 {http://doi.acm.org/10.1145/800191.805652},
  doi =		 {10.1145/800191.805652},
  acmid =	 805652,
  publisher =	 {ACM},
}

@Book{stark2001,
  author =	 {St\"{a}rk, Robert and Schmid, Joachim and
                  B\"{o}rger, Egon},
  title =	 {{Java} and the {Java} Virtual Machine},
  subtitle =	 {Definition, Verification, Validation},
  year =	 2001,
  publisher =	 {Springer-Verlag},
  isbn =	 {3-540-42088-6},
}

@incollection{strecker2002,
  title =	 {Formal verification of a Java compiler in Isabelle},
  author =	 {Strecker, Martin},
  booktitle =	 {Automated Deduction—CADE-18},
  editor =	 {Voronkov, Andrei},
  pages =	 {63--77},
  year =	 2002,
  publisher =	 {Springer}
}

@book{syme1999,
  title =	 {Proving Java type soundness},
  author =	 {Syme, Don},
  year =	 1999,
  publisher =	 {Springer}
}

@inproceedings{thatcher1979,
  author =	 {Thatcher, James W. and Wagner, Eric G. and Wright,
                  Jesse B.},
  title =	 {More on Advice on Structuring Compilers and Proving
                  Them Correct},
  booktitle =	 {Proceedings of the 6th Colloquium, on Automata,
                  Languages and Programming},
  editor =	 {Maurer, Hermann A.},
  year =	 1979,
  isbn =	 {3-540-09510-1},
  pages =	 {596--615},
  numpages =	 20,
  publisher =	 {Springer-Verlag},
  address =	 {London, UK},
}

@book{thatcher1980,
  title =	 {More on advice on structuring compilers and proving
                  them correct},
  author =	 {Thatcher, James W and Wagner, Eric G and Wright,
                  Jesse B},
  year =	 1980,
  publisher =	 {Springer}
}

@InProceedings{thomm2010,
  author =	 {Thomm, Isabella and Stilkerich, Michael and
                  Wawersich, Christian and Schr\"{o}der-Preikschat,
                  Wolfgang},
  editor =	 {Kalibera, Tomas and Vitek, Jan},
  title =	 {{KESO}: An Open-source multi-{JVM} for Deeply
                  Embedded Systems},
  year =	 2010,
  booktitle =	 {Proceedings of the 8th International Workshop on
                  Java Technologies for Real-Time and Embedded
                  Systems},
  publisher =	 {ACM},
  pages =	 {109--119}
}

@inproceedings{varma2004,
  title =	 {Java-through-C compilation: An enabling technology
                  for java in embedded systems},
  author =	 {Varma, Ankush and Bhattacharyya, Shuvra S},
  booktitle =	 {Proceedings of the conference on Design, automation
                  and test in Europe-Volume 3},
  pages =	 30161,
  year =	 2004,
  organization = {IEEE Computer Society}
}

@inproceedings{wang2014,
  title =	 {Compiler verification meets cross-language linking
                  via data abstraction},
  author =	 {Wang, Peng and Cuellar, Santiago and Chlipala, Adam},
  booktitle =	 {Proceedings of the 2014 ACM International Conference
                  on Object Oriented Programming Systems Languages \&
                  Applications},
  editor =	 {Black, Andrew and Millstein, Todd},
  pages =	 {675--690},
  year =	 2014,
  organization = {ACM}
}

@book{woodcock1996,
  title =	 {Using {Z}: specification, refinement, and proof},
  author =	 {Woodcock, Jim and Davies, Jim},
  year =	 1996,
  publisher =	 {Prentice-Hall, Inc.}
}

@inproceedings{yelland1999,
  title =	 {A compositional account of the Java virtual machine},
  author =	 {Yelland, Phillip M},
  booktitle =	 {Proceedings of the 26th ACM SIGPLAN-SIGACT symposium
                  on Principles of programming languages},
  editor =	 {Appel, Andrew and Aiken, Alex},
  pages =	 {57--69},
  year =	 1999,
  organization = {ACM}
}
