@incollection{alves1999,
  title =	 {Dynamic denotational semantics of Java},
  author =	 {Alves-Foss, Jim and Lam, Fong Shing},
  booktitle =	 {Formal Syntax and Semantics of Java},
  editor =	 {Alves-Foss, Jim},
  pages =	 {201--240},
  year =	 1999,
  publisher =	 {Springer}
}

@incollection{andronick2005,
  title =	 {Formal verification of security properties of smart
                  card embedded source code},
  author =	 {Andronick, June and Chetali, Boutheina and
                  Paulin-Mohring, Christine},
  booktitle =	 {FM 2005: Formal Methods},
  editor =	 {Fitzgerald, John and Hayes, Ian J. and Tarlecki,
                  Andrzej},
  pages =	 {302--317},
  year =	 2005,
  publisher =	 {Springer}
}

@inproceedings{attali1998,
  title =	 {A formal executable semantics for Java},
  author =	 {Attali, Isabelle and Caromel, Denis and Russo,
                  Marjorie},
  booktitle =	 {Proceedings of Formal Underpinnings of Java, an
                  OOPSLA},
  volume =	 98,
  year =	 1998,
  organization = {Citeseer}
}

@incollection{attali2000,
  title =	 {Smart tools for Java cards},
  author =	 {Attali, Isabelle and Caromel, Denis and Courbis,
                  Carine and Henrio, Ludovic and Nilsson, Henrik},
  booktitle =	 {Smart Card Research and Advanced Applications},
  editor =	 {Domingo-Ferrer, Josep and Chan, David and Watson,
                  Anthony},
  pages =	 {155--174},
  year =	 2000,
  publisher =	 {Springer}
}

@article{back1981,
  title =	 {On correct refinement of programs},
  author =	 {Back, RJR},
  journaltitle = {Journal of Computer and System Sciences},
  volume =	 23,
  number =	 1,
  pages =	 {49--68},
  year =	 1981,
  publisher =	 {Elsevier}
}

@INPROCEEDINGS{barros1994,
  author =	 {Barros, E. and Sampaio, A.},
  booktitle =	 {Proceedings of the Third International Workshop on
                  Hardware/Software Codesign},
  title =	 {Towards provably correct hardware/software
                  partitioning using OCCAM},
  year =	 1994,
  pages =	 {210-217},
}

@article{barthe2000,
  title =	 {Formalization in Coq of the Java Card virtual
                  machine},
  author =	 {Barthe, Gilles and Dufay, Guillaume and Jakubiec,
                  Line and Serpette, Bernard and Sousa, S and Yu, S},
  journaltitle = {Formal Techniques for Java Programs 2000},
  year =	 2000
}

@incollection{barthe2001,
  title =	 {A formal executable semantics of the JavaCard
                  platform},
  author =	 {Barthe, Gilles and Dufay, Guillaume and Jakubiec,
                  Line and Serpette, Bernard and De Sousa, Sim{\~a}o
                  Melo},
  booktitle =	 {Programming Languages and Systems},
  volume =	 2028,
  editor =	 {Sands, David},
  pages =	 {302--319},
  year =	 2001,
  publisher =	 {Springer}
}

@Article{berghofer2004,
  title =	 {Extracting a formally verified, fully executable
                  compiler from a proof assistant},
  author =	 {Berghofer, Stefan and Strecker, Martin},
  journaltitle = {Electronic Notes in Theoretical Computer Science},
  volume =	 82,
  number =	 2,
  pages =	 {377--394},
  year =	 2004,
  publisher =	 {Elsevier}
}

@article{bertelsen2000,
  title =	 {Dynamic semantics of Java bytecode},
  author =	 {Bertelsen, Peter},
  journaltitle = {Future Generation Computer Systems},
  volume =	 16,
  number =	 7,
  pages =	 {841--850},
  year =	 2000,
  publisher =	 {Elsevier}
}

@article{borba2000,
  author =	 {Paulo Borba and Augusto Sampaio},
  title =	 {Basic Laws of {ROOL:} an object-oriented language},
  journaltitle = {{R}evista de {I}nform\'{a}tica {T}e\'{o}rica e
                  {A}plicada},
  year =	 2000,
  volume =	 7,
  number =	 1,
  pages =	 {49--68},
}

@article{borba2004,
  title =	 {Algebraic reasoning for object-oriented programming},
  author =	 {Borba, Paulo and Sampaio, Augusto and Cavalcanti,
                  Ana and Corn{\'e}lio, M{\'a}rcio},
  journaltitle = {Science of Computer Programming},
  volume =	 52,
  number =	 1,
  pages =	 {53--100},
  year =	 2004,
  publisher =	 {Elsevier}
}

@InProceedings{burstall1969,
  author =	 {Burstall, Rodney M and Landin, Peter J},
  editor =	 {Meltzer, Bernard and Michie, Donald},
  title =	 {Programs and their proofs: an algebraic approach},
  year =	 1969,
  booktitle =	 {Machine Intelligence 4},
  publisher =	 {Edinburgh University Press},
  pages =	 {17--44}
}

@inproceedings{casset2002,
  title =	 {Formal development of an embedded verifier for Java
                  Card byte code},
  author =	 {Casset, Ludovic and Burdy, Lilian and Requet,
                  Antoine},
  booktitle =	 {Proceedings. International Conference on Dependable
                  Systems and Networks},
  editor =	 {},
  pages =	 {51--56},
  year =	 2002,
  organization = {IEEE}
}

@article{cavalcanti2000,
  title =	 {A weakest precondition semantics for refinement of
                  object-oriented programs},
  author =	 {Cavalcanti, Ana and Naumann, David A},
  journaltitle = {IEEE Transactions on Software Engineering},
  volume =	 26,
  number =	 8,
  pages =	 {713--728},
  year =	 2000,
  publisher =	 {IEEE Computer Society}
}

@article{cenciarelli1999,
  title =	 {Towards a modular denotational semantics of Java},
  author =	 {Cenciarelli, Pietro},
  journaltitle = {Formal Techniques for Java Programs},
  pages =	 1,
  year =	 1999
}

@book{chen2000,
  title =	 {Java card technology for smart cards: architecture
                  and programmer's guide},
  author =	 {Chen, Zhiqun},
  year =	 2000,
  publisher =	 {Addison-Wesley Professional}
}

@inproceedings{colby2000,
  author =	 {Colby, Christopher and Lee, Peter and Necula, George
                  C. and Blau, Fred and Plesko, Mark and Cline,
                  Kenneth},
  title =	 {A Certifying Compiler for Java},
  booktitle =	 {Proceedings of the ACM SIGPLAN 2000 Conference on
                  Programming Language Design and Implementation},
  editor =	 {Monica Lam},
  series =	 {PLDI '00},
  year =	 2000,
  isbn =	 {1-58113-199-2},
  location =	 {Vancouver, British Columbia, Canada},
  pages =	 {95--107},
  publisher =	 {ACM},
  address =	 {New York, NY, USA},
}

@article{dijkstra1975,
  author =	 {Dijkstra, Edsger W.},
  title =	 {Guarded Commands, Nondeterminacy and Formal
                  Derivation of Programs},
  journaltitle = {Communications of the ACM},
  volume =	 18,
  number =	 8,
  year =	 1975,
  issn =	 {0001-0782},
  pages =	 {453--457},
  acmid =	 360975,
  publisher =	 {ACM},
  address =	 {New York, NY, USA},
}

@book{dijkstra1976,
  title =	 {A Discipline of Programming},
  author =	 {Dijkstra, Edsger},
  year =	 1976,
  publisher =	 {Prentice-Hall}
}

@incollection{drossopoulou1999a,
  title =	 {Describing the semantics of Java and proving type
                  soundness},
  author =	 {Drossopoulou, Sophia and Eisenbach, Susan},
  booktitle =	 {Formal Syntax and Semantics of Java},
  editor =	 {Alves-Foss, Jim},
  pages =	 {41--80},
  year =	 1999,
  publisher =	 {Springer}
}

@article{drossopoulou1999b,
  title =	 {Is the java type system sound?},
  author =	 {Drossopoulou, Sophia and Eisenbach, Susan and
                  Khurshid, Sarfraz},
  journaltitle = {TAPOS},
  volume =	 5,
  number =	 1,
  pages =	 {3--24},
  year =	 1999
}

@inproceedings{duran2001,
  title =	 {Formal bytecode generation for ROOL virtual machine},
  author =	 {Duran, Adolfo and Sampaio, Augusto and Cavalcanti,
                  Ana},
  booktitle =	 {4th Brazilian Workshop on Formal Methods},
  year =	 2001
}

@InCollection{duran2003,
  title =	 {A strategy for compiling classes, inheritance, and
                  dynamic binding},
  author =	 {Duran, Adolfo and Cavalcanti, Ana and Sampaio,
                  Augusto},
  booktitle =	 {FME 2003: Formal Methods},
  pages =	 {301--320},
  year =	 2003,
  publisher =	 {Springer},
}

@Thesis{duran2005,
  author =	 {Duran, Adolfo},
  title =	 {An Algebraic Approach to the Design of Compilers for
                  Object-Oriented Languages},
  type =	 {PhD Thesis},
  institution =	 {Universidade Federalde Pernambuco},
  year =	 2005,
}

@Article{duran2010,
  title =	 {An algebraic approach to the design of compilers for
                  object-oriented languages},
  author =	 {Duran, Adolfo and Cavalcanti, Ana and Sampaio,
                  Augusto},
  journal =	 {Formal aspects of computing},
  volume =	 22,
  number =	 5,
  pages =	 {489--535},
  year =	 2010,
  publisher =	 {Springer},
}

@Misc{goerigk1996,
  title =	 {Compiler correctness and implementation
                  verification: The verifix approach},
  author =	 {Goerigk, Wolfgang and Dold, Axel and Gaul, Thilo and
                  Goos, Gerhard and Heberle, Andreas and Von Henke,
                  Friedrich W and Hoffmann, Ulrich and Langmaack, Hans
                  and Pfeifer, Holger and Ruess, Harald and others},
  year =	 1996
}

@inproceedings{goguen1988,
  title =	 {An introduction to {OBJ} 3},
  author =	 {Goguen, Joseph and Kirchner, Claude and Kirchner,
                  H{\'e}l{\`e}ne and M{\'e}grelis, Aristide and
                  Meseguer, Jos{\'e} and Winkler, Timothy},
  booktitle =	 {Conditional Term Rewriting Systems},
  editor =	 {Kaplan, S. and Jouannaud, J. -P.},
  pages =	 {258--263},
  year =	 1988,
  organization = {Springer}
}

@article{goos2002,
  title =	 {Compiler verification and compiler architecture},
  author =	 {Goos, Gerhard},
  journaltitle = {Electronic Notes in Theoretical Computer Science},
  volume =	 65,
  number =	 2,
  pages =	 1,
  year =	 2002,
  publisher =	 {Elsevier}
}

@book{gosling2000,
  author =	 {Gosling, James and Bollella, Greg},
  title =	 {The Real-Time Specification for Java},
  year =	 2000,
  isbn =	 0201703238,
  publisher =	 {Addison-Wesley Longman Publishing Co., Inc.},
  address =	 {Boston, MA, USA},
}

@book{gosling2013,
  title =	 {The Java Language Specification},
  author =	 {Gosling, James and Joy, Bill and Steele Jr, Guy L
                  and Bracha, Gilad and Buckley, Alex},
  year =	 2013,
  publisher =	 {Addison-Wesley}
}

@Article{hartel2001,
  author =	 {Hartel, Pieter H. and Moreau, Luc},
  title =	 {Formalizing the Safety of {Java}, the {Java} Virtual
                  Machine, and {Java} Card},
  journaltitle = {ACM Computing Surveys },
  issue_date =	 {December 2001},
  volume =	 33,
  number =	 4,
  month =	 {December},
  year =	 2001,
  issn =	 {0360-0300},
  pages =	 {517--558},
  numpages =	 42,
  doi =		 {10.1145/503112.503115},
  publisher =	 {ACM},
  address =	 {New York, NY, USA},
}

@article{hoare1984,
  title =	 {Programs are predicates [and discussion]},
  author =	 {Hoare, CAR and Hanna, FK},
  journaltitle = {Philosophical Transactions of the Royal Society of
                  London. Series A, Mathematical and Physical
                  Sciences},
  volume =	 312,
  number =	 1522,
  pages =	 {475--489},
  year =	 1984,
  publisher =	 {The Royal Society}
}

@article{hoare1987,
  title =	 {Laws of programming},
  author =	 {Hoare, Charles Antony Richard and Hayes, Ian J. and
                  Jifeng, He and Morgan, Carol C and Roscoe, A William
                  and Sanders, Jeff W. and Sorensen, I Holm and
                  Spivey, J. Michael and Sufrin, Bernard A},
  journal =	 {Communications of the ACM},
  volume =	 30,
  number =	 8,
  pages =	 {672--686},
  year =	 1987,
  publisher =	 {ACM}
}

@inproceedings{hoare1991,
  title =	 {Refinement algebra proves correctness of compiling
                  specifications},
  author =	 {Hoare, CAR},
  booktitle =	 {3rd Refinement Workshop},
  editor =	 {Carroll Morgan and Jim Woodcock},
  pages =	 {33--48},
  year =	 1991,
  isbn =	 3540196242
}

@Article{hoare1993,
  title =	 {Normal form approach to compiler design},
  author =	 {Hoare, CAR and Jifeng, He and Sampaio, Augusto},
  journaltitle = {Acta informatica},
  volume =	 30,
  number =	 8,
  pages =	 {701--739},
  year =	 1993,
  publisher =	 {Springer},
}

@book{hoare1998,
  title =	 {Unifying theories of programming},
  author =	 {Hoare, Charles Antony Richard and Jifeng, He},
  year =	 1998,
  publisher =	 {Prentice Hall}
}

@incollection{hoare2000,
  author =	 {Hoare, C. A. R. and Jifeng, He and Sampaio, Augusto},
  title =	 {Algebraic Derivation of an Operational Semantics},
  booktitle =	 {Proof, Language, and Interaction},
  editor =	 {Plotkin, Gordon and Stirling, Colin and Tofte, Mads},
  year =	 2000,
  isbn =	 {0-262-16188-5},
  pages =	 {77--98},
  numpages =	 22,
  publisher =	 {MIT Press},
  address =	 {Cambridge, MA, USA},
}

@InCollection{janssen1998,
  author =	 {Janssen, Theo MV},
  editor =	 {de Roever, Willem-Paul and Langmaack, Hans and
                  Pnueli, Amir},
  title =	 {An overview of compositional translations},
  year =	 1998,
  booktitle =	 {Compositionality: The Significant Difference},
  series =	 {Lecture Notes in Computer Science},
  publisher =	 {Springer Berlin Heidelberg},
  pages =	 {327-349}
}

@inproceedings{jones1998,
  title =	 {The functions of Java bytecode},
  author =	 {Jones, Mark},
  booktitle =	 {Workshop on the Formal Underpinnings of the Java
                  Paradigm},
  year =	 1998,
}

@Article{klein2003,
  title =	 {Verified bytecode verifiers},
  author =	 {Klein, Gerwin and Nipkow, Tobias},
  journaltitle = {Theoretical Computer Science},
  volume =	 298,
  number =	 3,
  pages =	 {583--626},
  year =	 2003,
  publisher =	 {Elsevier}
}

@Article{klein2006,
  author =	 {Klein, Gerwin and Nipkow, Tobias},
  title =	 {A Machine-checked Model for a {Java}-like Language,
                  Virtual Machine, and Compiler},
  journaltitle = {ACM Transactions on Programming Languages and
                  Systems},
  volume =	 28,
  number =	 4,
  year =	 2006,
  issn =	 {0164-0925},
  pages =	 {619--695},
  numpages =	 77,
  doi =		 {10.1145/1146809.1146811},
  publisher =	 {ACM},
  address =	 {New York, NY, USA},
}

@Article{korsholm2014,
  author =	 {Korsholm, Stephan E. and S{\o}ndergaard, Hans and
                  Ravn, Anders P.},
  title =	 {A real-time {Java} tool chain for resource
                  constrained platforms},
  journaltitle = {Concurrency and Computation: Practice and
                  Experience},
  year =	 2014,
  volume =	 26,
  number =	 14,
  pages =	 {2407--2431},
  issn =	 {1532-0634},
  doi =		 {10.1002/cpe.3164},
}

@article{leroy2009a,
  title =	 {Formal verification of a realistic compiler},
  author =	 {Leroy, Xavier},
  journaltitle = {Communications of the ACM},
  volume =	 52,
  number =	 7,
  pages =	 {107--115},
  year =	 2009,
  publisher =	 {ACM}
}

@article{leroy2009b,
  title =	 {A formally verified compiler back-end},
  author =	 {Leroy, Xavier},
  journaltitle = {Journal of Automated Reasoning},
  volume =	 43,
  number =	 4,
  pages =	 {363--446},
  year =	 2009,
  publisher =	 {Springer}
}

@misc{leroy2012,
  title =	 {The CompCert C verified compiler},
  author =	 {Leroy, Xavier},
  year =	 2012,
  publisher =	 {CompCert}
}

@Thesis{lester1988,
  title =	 {Combinator graph reduction: A congruence and its
                  applications.},
  author =	 {Lester, David},
  type =	 {PhD Thesis},
  year =	 1988,
  institution =	 {University of Oxford}
}

@inproceedings{lira2002,
  title =	 {Automation of a normal form reduction strategy for
                  object-oriented programming},
  author =	 {Lira, BO and Cavalcanti, ALC and Sampaio, ACA},
  booktitle =	 {Proceedings of the 5th Brazilian workshop on formal
                  methods},
  pages =	 {193--208},
  year =	 2002
}

@incollection{lochbihler2010,
  title =	 {Verifying a compiler for Java threads},
  author =	 {Lochbihler, Andreas},
  booktitle =	 {Programming languages and systems},
  editor =	 {Gordon, Andrew D.},
  pages =	 {427--447},
  year =	 2010,
  publisher =	 {Springer}
}

@Misc{locke2013,
  author =	 {D.~Locke and B.~S.~Andersen and B.~Brosgol and
                  M.~Fulton and T.~Henties and J.~J.~Hunt and
                  J.~O.~Nielsen and K.~Nilsen and M.~Schoeberl and
                  J.~Tokar and J.~Vitek and A.~Wellings and others},
  title =	 {Safety-Critical Java Technology Specification},
  date =	 {2013-06-25},
  type =	 {Draft},
  version =	 {0.94},
  organization = {The Open Group},
  url =
                  {https://jcp.org/aboutJava/communityprocess/edr/jsr302/index2.html},
  urldate =	 {2014-11-18}
}

@Article{mccarthy1967,
  title =	 {Correctness of a compiler for arithmetic
                  expressions},
  author =	 {McCarthy, John and Painter, James},
  journaltitle = {Mathematical aspects of computer science},
  volume =	 1,
  year =	 1967
}

@book{meijer1992,
  title =	 {More advice on proving a compiler correct: Improve a
                  correct compiler},
  author =	 {Meijer, Erik},
  year =	 1992,
  publisher =	 {Springer}
}

@article{milner1972,
  title =	 {Proving compiler correctness in a mechanized logic},
  author =	 {Milner, Robin and Weyhrauch, Richard},
  journaltitle = {Machine Intelligence},
  volume =	 7,
  pages =	 {51--70},
  year =	 1972
}

@article{moore1989,
  title =	 {A mechanically verified language implementation},
  author =	 {Moore, J Strother},
  journaltitle = {Journal of Automated Reasoning},
  volume =	 5,
  number =	 4,
  pages =	 {461--492},
  year =	 1989,
  publisher =	 {Springer}
}

@book{morgan1990,
  title =	 {Programming from specifications},
  author =	 {Morgan, Carroll},
  year =	 1990,
  publisher =	 {Prentice-Hall, Inc.}
}

@inproceedings{morris1973,
  title =	 {Advice on structuring compilers and proving them
                  correct},
  author =	 {Morris, F Lockwood},
  booktitle =	 {Proceedings of the 1st annual ACM SIGACT-SIGPLAN
                  symposium on Principles of programming languages},
  pages =	 {144--152},
  year =	 1973,
  organization = {ACM}
}

@article{morris1987,
  title =	 {A theoretical basis for stepwise refinement and the
                  programming calculus},
  author =	 {Morris, Joseph M},
  journaltitle = {Science of Computer programming},
  volume =	 9,
  number =	 3,
  pages =	 {287--306},
  year =	 1987,
  publisher =	 {Elsevier}
}

@article{necula1996,
  title =	 {Safe kernel extensions without run-time checking},
  author =	 {Necula, George C and Lee, Peter},
  journaltitle = {SIGOPS Operating Systems Review},
  volume =	 30,
  pages =	 {229--244},
  year =	 1996,
  publisher =	 {[New York, NY, ACM Special Interest Group on
                  Operating Systems]}
}

@Online{oracle2014,
  author =	 {{Oracle Corporation}},
  title =	 {{Java Platform, Micro Edition (Java ME)}},
  year =	 2014,
  url =
                  {http://www.oracle.com/technetwork/java/embedded/javame/index.html},
  urldate =	 {2014-11-25}
}

@Thesis{perna2010,
  author =	 {Perna, Juan Ignacio},
  title =	 {A verified compiler for Handel-C},
  type =	 {PhD Thesis},
  institution =	 {University of York},
  year =	 2010,
  url =		 {http://etheses.whiterose.ac.uk/585/},
}

@Article{perna2011,
  title =	 {Correct hardware synthesis},
  subtitle =	 {An algebraic approach},
  author =	 {Perna, Juan and Woodcock, Jim and Sampaio, Augusto
                  and Iyoda, Juliano},
  journal =	 {Acta informatica},
  volume =	 48,
  number =	 {7-8},
  pages =	 {363--396},
  year =	 2011,
  publisher =	 {Springer}
}

@book{polak1981,
  author =	 {Polak, Wolfgang},
  title =	 {Compiler Specification and Verification},
  year =	 1981,
  isbn =	 0387108866,
  publisher =	 {Springer-Verlag New York, Inc.},
  address =	 {Secaucus, NJ, USA},
}

@article{roscoe1988,
  title =	 {The laws of occam programming},
  author =	 {Roscoe, Andrew William and Hoare, Charles Antony
                  Richard},
  journaltitle = {Theoretical Computer Science},
  volume =	 60,
  number =	 2,
  pages =	 {177--229},
  year =	 1988,
  publisher =	 {Elsevier}
}

@Thesis{sampaio1993,
  author =	 {Sampaio, Augusto},
  title =	 {An algebraic approach to compiler design},
  type =	 {PhD Thesis},
  institution =	 {Oxford University Computing Laboratory},
  year =	 1993,
  isbn =	 0902928872,
}

@book{sampaio1997,
  title =	 {An algebraic approach to compiler design},
  author =	 {Sampaio, Augusto},
  year =	 1997,
  publisher =	 {World Scientific}
}

@article{schoeberl2011,
  author =	 {Schoeberl, Martin and Korsholm, Stephan and
                  Kalibera, Tomas and Ravn, Anders P.},
  title =	 {A Hardware Abstraction Layer in Java},
  journal =	 {ACM Transactions on Embedded Computing Systems },
  volume =	 10,
  number =	 4,
  month =	 {November},
  year =	 2011,
  issn =	 {1539-9087},
  pages =	 {42:1--42:40},
  articleno =	 42,
  numpages =	 40,
  doi =		 {10.1145/2043662.2043666},
  publisher =	 {ACM},
  address =	 {New York, NY, USA},
  keywords =	 {Device driver, Java, Java virtual machine, embedded
                  system},
}

@inproceedings{schultz2003,
  title =	 {Compiling java for low-end embedded systems},
  author =	 {Schultz, Ulrik Pagh and Burgaard, Kim and
                  Christensen, Flemming Gram and Knudsen, J{\o}rgen
                  Lindskov},
  booktitle =	 {ACM SIGPLAN Notices},
  editor =	 {Frank Mueller and Uli Kremer},
  volume =	 38,
  number =	 7,
  pages =	 {42--50},
  year =	 2003,
  organization = {ACM}
}

@incollection{silva1997,
  title =	 {A normal form reduction strategy for
                  hardware/software partitioning},
  author =	 {Silva, Leila and Sampaio, Augusto and Barros, Edna},
  booktitle =	 {FME'97: Industrial Applications and Strengthened
                  Foundations of Formal Methods},
  editor =	 {John Fitzgerald and Cliff B. Jones and Peter Lucas},
  pages =	 {624--643},
  year =	 1997,
  publisher =	 {Springer}
}

@incollection{silva1999,
  title =	 {An algebraic approach to combining processes in a
                  hardware/software partitioning environment},
  author =	 {Silva, Leila and Sampaio, Augusto and Barros, Edna
                  and Iyoda, Juliano},
  booktitle =	 {Algebraic Methodology and Software Technology},
  editor =	 {Armando M. Haeberer},
  pages =	 {308--324},
  year =	 1999,
  publisher =	 {Springer}
}

@article{silva2004,
  title =	 {A constructive approach to hardware/software
                  partitioning},
  author =	 {Silva, Leila and Sampaio, Augusto and Barros, Edna},
  journaltitle = {Formal Methods in System Design},
  volume =	 24,
  number =	 1,
  pages =	 {45--90},
  year =	 2004,
  publisher =	 {Springer}
}

@inproceedings{sondergaard2012,
  author =	 {S{\o}ndergaard, Hans and Korsholm, Stephan E. and
                  Ravn, Anders P.},
  title =	 {Safety-critical {Java} for Low-end Embedded
                  Platforms},
  booktitle =	 {Proceedings of the 10th International Workshop on
                  Java Technologies for Real-time and Embedded
                  Systems},
  editor =	 {Schoeberl, Martin and Wellings, Andy},
  series =	 {JTRES '12},
  year =	 2012,
  isbn =	 {978-1-4503-1688-0},
  pages =	 {44--53},
  numpages =	 10,
  doi =		 {10.1145/2388936.2388945},
  publisher =	 {ACM}
}

@Book{stark2001,
  author =	 {St\"{a}rk, Robert and Schmid, Joachim and
                  B\"{o}rger, Egon},
  title =	 {{Java} and the {Java} Virtual Machine},
  subtitle =	 {Definition, Verification, Validation},
  year =	 2001,
  publisher =	 {Springer-Verlag},
  isbn =	 {3-540-42088-6},
}

@incollection{strecker2002,
  title =	 {Formal verification of a Java compiler in Isabelle},
  author =	 {Strecker, Martin},
  booktitle =	 {Automated Deduction—CADE-18},
  editor =	 {Voronkov, Andrei},
  pages =	 {63--77},
  year =	 2002,
  publisher =	 {Springer}
}

@book{syme1999,
  title =	 {Proving Java type soundness},
  author =	 {Syme, Don},
  year =	 1999,
  publisher =	 {Springer}
}

@inproceedings{thatcher1979,
  author =	 {Thatcher, James W. and Wagner, Eric G. and Wright,
                  Jesse B.},
  title =	 {More on Advice on Structuring Compilers and Proving
                  Them Correct},
  booktitle =	 {Proceedings of the 6th Colloquium, on Automata,
                  Languages and Programming},
  editor =	 {Maurer, Hermann A.},
  year =	 1979,
  isbn =	 {3-540-09510-1},
  pages =	 {596--615},
  numpages =	 20,
  publisher =	 {Springer-Verlag},
  address =	 {London, UK},
}

@book{thatcher1980,
  title =	 {More on advice on structuring compilers and proving
                  them correct},
  author =	 {Thatcher, James W and Wagner, Eric G and Wright,
                  Jesse B},
  year =	 1980,
  publisher =	 {Springer}
}

@inproceedings{varma2004,
  title =	 {Java-through-C compilation: An enabling technology
                  for java in embedded systems},
  author =	 {Varma, Ankush and Bhattacharyya, Shuvra S},
  booktitle =	 {Proceedings of the conference on Design, automation
                  and test in Europe-Volume 3},
  pages =	 30161,
  year =	 2004,
  organization = {IEEE Computer Society}
}

@inproceedings{wang2014,
  title =	 {Compiler verification meets cross-language linking
                  via data abstraction},
  author =	 {Wang, Peng and Cuellar, Santiago and Chlipala, Adam},
  booktitle =	 {Proceedings of the 2014 ACM International Conference
                  on Object Oriented Programming Systems Languages \&
                  Applications},
  editor =	 {Black, Andrew and Millstein, Todd},
  pages =	 {675--690},
  year =	 2014,
  organization = {ACM}
}

@inproceedings{yelland1999,
  title =	 {A compositional account of the Java virtual machine},
  author =	 {Yelland, Phillip M},
  booktitle =	 {Proceedings of the 26th ACM SIGPLAN-SIGACT symposium
                  on Principles of programming languages},
  editor =	 {Appel, Andrew and Aiken, Alex},
  pages =	 {57--69},
  year =	 1999,
  organization = {ACM}
}
