@Online{baxter2016draftthesis,
  author =	 {James Baxter},
  title =	 {A Framework for Verifying Safety-Critical Java
                  Virtual Machines with Ahead-of-time Compilation},
  year =	 2016,
  url =
                  {https://www-users.cs.york.ac.uk/~jeb531/draftthesis.pdf},
  note =	 {Draft Thesis}
}
